@book{gettingstarted,
	author = {Townsend, Kevin and Cuf, Carles and Akiba and Davidson, Robert},
	title = {Getting Started with Bluetooth Low Energy: Tools and Techniques for Low-Power Networking},
	url={https://www.oreilly.com/library/view/getting-started-with/9781491900550/},
	year = {2014},
	isbn = {1491949511},
	publisher = {O'Reilly Media, Inc.},
	edition = {1st},
}


